01REMESSA01COBRANCA       31320113011001300913INSTITUTO RAIMUNDO NOBRE      033SANTANDER      0903220000000000000000                                                                                                                                                                                                                                                                                   000000001
1021664461600013531320113011001300913                         00001341000000 00000000000000000000    010322501134       28022200000000027500330000001S090322020000000000000010000000000000000000000000000000000000000000000100031753876320ANTONIO ADALTO FERREIRA DA SILVA        RUA ORLANDO DIAS, 193                   SIQUEIRA    60544420FORTALEZA      CE                               I75      00 000002
1021664461600013531320113011001300913                         00001350000000 00000000000000000000    290322501135       28032200000000027500330000001S090322020000000000000010000000000000000000000000000000000000000000000100031753876320ANTONIO ADALTO FERREIRA DA SILVA        RUA ORLANDO DIAS, 193                   SIQUEIRA    60544420FORTALEZA      CE                               I75      00 000003
1021664461600013531320113011001300913                         00001368000000 00000000000000000000    290422501136       28042200000000027500330000001S090322020000000000000010000000000000000000000000000000000000000000000100031753876320ANTONIO ADALTO FERREIRA DA SILVA        RUA ORLANDO DIAS, 193                   SIQUEIRA    60544420FORTALEZA      CE                               I75      00 000004
1021664461600013531320113011001300913                         00001376000000 00000000000000000000    290522501137       28052200000000027500330000001S090322020000000000000010000000000000000000000000000000000000000000000100031753876320ANTONIO ADALTO FERREIRA DA SILVA        RUA ORLANDO DIAS, 193                   SIQUEIRA    60544420FORTALEZA      CE                               I75      00 000005
1021664461600013531320113011001300913                         00001384000000 00000000000000000000    290622501138       28062200000000027500330000001S090322020000000000000010000000000000000000000000000000000000000000000100031753876320ANTONIO ADALTO FERREIRA DA SILVA        RUA ORLANDO DIAS, 193                   SIQUEIRA    60544420FORTALEZA      CE                               I75      00 000006
1021664461600013531320113011001300913                         00001392000000 00000000000000000000    290722501139       28072200000000027500330000001S090322020000000000000010000000000000000000000000000000000000000000000100031753876320ANTONIO ADALTO FERREIRA DA SILVA        RUA ORLANDO DIAS, 193                   SIQUEIRA    60544420FORTALEZA      CE                               I75      00 000007
1021664461600013531320113011001300913                         00001406000000 00000000000000000000    290822501140       28082200000000027500330000001S090322020000000000000010000000000000000000000000000000000000000000000100031753876320ANTONIO ADALTO FERREIRA DA SILVA        RUA ORLANDO DIAS, 193                   SIQUEIRA    60544420FORTALEZA      CE                               I75      00 000008
1021664461600013531320113011001300913                         00001414000000 00000000000000000000    290922501141       28092200000000027500330000001S090322020000000000000010000000000000000000000000000000000000000000000100031753876320ANTONIO ADALTO FERREIRA DA SILVA        RUA ORLANDO DIAS, 193                   SIQUEIRA    60544420FORTALEZA      CE                               I75      00 000009
1021664461600013531320113011001300913                         00001422000000 00000000000000000000    291022501142       28102200000000027500330000001S090322020000000000000010000000000000000000000000000000000000000000000100031753876320ANTONIO ADALTO FERREIRA DA SILVA        RUA ORLANDO DIAS, 193                   SIQUEIRA    60544420FORTALEZA      CE                               I75      00 000010
1021664461600013531320113011001300913                         00001430000000 00000000000000000000    291122501143       28112200000000027500330000001S090322020000000000000010000000000000000000000000000000000000000000000100031753876320ANTONIO ADALTO FERREIRA DA SILVA        RUA ORLANDO DIAS, 193                   SIQUEIRA    60544420FORTALEZA      CE                               I75      00 000011
1021664461600013531320113011001300913                         00001449000000 00000000000000000000    291222501144       28122200000000027500330000001S090322020000000000000010000000000000000000000000000000000000000000000100031753876320ANTONIO ADALTO FERREIRA DA SILVA        RUA ORLANDO DIAS, 193                   SIQUEIRA    60544420FORTALEZA      CE                               I75      00 000012
1021664461600013531320113011001300913                         00001457000000 00000000000000000000    290123501145       28012300000000027500330000001S090322020000000000000010000000000000000000000000000000000000000000000100031753876320ANTONIO ADALTO FERREIRA DA SILVA        RUA ORLANDO DIAS, 193                   SIQUEIRA    60544420FORTALEZA      CE                               I75      00 000013
9000014000000003300000000000000000000000000000000000000000000000000000000000000000000000000000000000000000000000000000000000000000000000000000000000000000000000000000000000000000000000000000000000000000000000000000000000000000000000000000000000000000000000000000000000000000000000000000000000000000000000000000000000000000000000000000000000000000000000000000000000000000000000000000000000000000000014
