01REMESSA01COBRANCA       31320113011001300913INSTITUTO RAIMUNDO NOBRE      033SANTANDER      1003220000000000000000                                                                                                                                                                                                                                                                                   000000001
1021664461600013531320113011001300913                         00001341000000 00000000000000000000    290322501134       28032200000000027500330000001S100322020000000000000010000000000000000000000000000000000000000000000100031753876320ANTONIO ADALTO FERREIRA DA SILVA        RUA ORLANDO DIAS,193                    SIQUEIRA    60544420FORTALEZA      CE                               I75      00 000002
9000003000000000275000000000000000000000000000000000000000000000000000000000000000000000000000000000000000000000000000000000000000000000000000000000000000000000000000000000000000000000000000000000000000000000000000000000000000000000000000000000000000000000000000000000000000000000000000000000000000000000000000000000000000000000000000000000000000000000000000000000000000000000000000000000000000000003
