01REMESSA01COBRANCA       31320113011001300913INSTITUTO RAIMUNDO NOBRE      033SANTANDER      2504220000000000000000                                                                                                                                                                                                                                                                                   000000001
1021664461600013531320113011001300913                         00002186000000 00000000000000000000    260522501218       25052200000000033000330000001S250422020000000000000010000000000000000000000000000000000000000000000100000542951304GERLANIA DA SILVA BANDEIRA SANTOS       RUA MINAS GERAIS, 772                   PANAMERICANO60441035FORTALEZA      CE                               I75      00 000002
1021664461600013531320113011001300913                         00002194000000 00000000000000000000    260622501219       25062200000000033000330000001S250422020000000000000010000000000000000000000000000000000000000000000100000542951304GERLANIA DA SILVA BANDEIRA SANTOS       RUA MINAS GERAIS, 772                   PANAMERICANO60441035FORTALEZA      CE                               I75      00 000003
1021664461600013531320113011001300913                         00002208000000 00000000000000000000    260722501220       25072200000000033000330000001S250422020000000000000010000000000000000000000000000000000000000000000100000542951304GERLANIA DA SILVA BANDEIRA SANTOS       RUA MINAS GERAIS, 772                   PANAMERICANO60441035FORTALEZA      CE                               I75      00 000004
1021664461600013531320113011001300913                         00002216000000 00000000000000000000    260822501221       25082200000000033000330000001S250422020000000000000010000000000000000000000000000000000000000000000100000542951304GERLANIA DA SILVA BANDEIRA SANTOS       RUA MINAS GERAIS, 772                   PANAMERICANO60441035FORTALEZA      CE                               I75      00 000005
1021664461600013531320113011001300913                         00002224000000 00000000000000000000    260922501222       25092200000000033000330000001S250422020000000000000010000000000000000000000000000000000000000000000100000542951304GERLANIA DA SILVA BANDEIRA SANTOS       RUA MINAS GERAIS, 772                   PANAMERICANO60441035FORTALEZA      CE                               I75      00 000006
1021664461600013531320113011001300913                         00002232000000 00000000000000000000    261022501223       25102200000000033000330000001S250422020000000000000010000000000000000000000000000000000000000000000100000542951304GERLANIA DA SILVA BANDEIRA SANTOS       RUA MINAS GERAIS, 772                   PANAMERICANO60441035FORTALEZA      CE                               I75      00 000007
1021664461600013531320113011001300913                         00002240000000 00000000000000000000    261122501224       25112200000000033000330000001S250422020000000000000010000000000000000000000000000000000000000000000100000542951304GERLANIA DA SILVA BANDEIRA SANTOS       RUA MINAS GERAIS, 772                   PANAMERICANO60441035FORTALEZA      CE                               I75      00 000008
1021664461600013531320113011001300913                         00002259000000 00000000000000000000    261222501225       25122200000000033000330000001S250422020000000000000010000000000000000000000000000000000000000000000100000542951304GERLANIA DA SILVA BANDEIRA SANTOS       RUA MINAS GERAIS, 772                   PANAMERICANO60441035FORTALEZA      CE                               I75      00 000009
1021664461600013531320113011001300913                         00002267000000 00000000000000000000    260123501226       25012300000000033000330000001S250422020000000000000010000000000000000000000000000000000000000000000100000542951304GERLANIA DA SILVA BANDEIRA SANTOS       RUA MINAS GERAIS, 772                   PANAMERICANO60441035FORTALEZA      CE                               I75      00 000010
1021664461600013531320113011001300913                         00002275000000 00000000000000000000    260223501227       25022300000000033000330000001S250422020000000000000010000000000000000000000000000000000000000000000100000542951304GERLANIA DA SILVA BANDEIRA SANTOS       RUA MINAS GERAIS, 772                   PANAMERICANO60441035FORTALEZA      CE                               I75      00 000011
1021664461600013531320113011001300913                         00002283000000 00000000000000000000    260323501228       25032300000000033000330000001S250422020000000000000010000000000000000000000000000000000000000000000100000542951304GERLANIA DA SILVA BANDEIRA SANTOS       RUA MINAS GERAIS, 772                   PANAMERICANO60441035FORTALEZA      CE                               I75      00 000012
1021664461600013531320113011001300913                         00002291000000 00000000000000000000    260423501229       25042300000000033000330000001S250422020000000000000010000000000000000000000000000000000000000000000100000542951304GERLANIA DA SILVA BANDEIRA SANTOS       RUA MINAS GERAIS, 772                   PANAMERICANO60441035FORTALEZA      CE                               I75      00 000013
9000014000000003960000000000000000000000000000000000000000000000000000000000000000000000000000000000000000000000000000000000000000000000000000000000000000000000000000000000000000000000000000000000000000000000000000000000000000000000000000000000000000000000000000000000000000000000000000000000000000000000000000000000000000000000000000000000000000000000000000000000000000000000000000000000000000000014
