01REMESSA01COBRANCA       31320113011001300913INSTITUTO RAIMUNDO NOBRE      033SANTANDER      2802220000000000000000                                                                                                                                                                                                                                                                                   000000001
1021664461600013531320113011001300913                         00001465000000 00000000000000000000    040322501146       03032200000000033000330000001S280222020000000000000010000000000000000000000000000000000000000000000100009361481363WILIANE VIEIRA DOS SANTOS               RUA ALVES BATISTA,689                   GENIBAU     60534070FORTALEZA      CE                               I75      00 000002
9000003000000000330000000000000000000000000000000000000000000000000000000000000000000000000000000000000000000000000000000000000000000000000000000000000000000000000000000000000000000000000000000000000000000000000000000000000000000000000000000000000000000000000000000000000000000000000000000000000000000000000000000000000000000000000000000000000000000000000000000000000000000000000000000000000000000003
