01REMESSA01COBRANCA       31320113011001300913INSTITUTO RAIMUNDO NOBRE      033SANTANDER      1003220000000000000000                                                                                                                                                                                                                                                                                   000000001
1021664461600013531320113011001300913                         00001465000000 00000000000000000000    010422501146       31032200000000033000330000001S100322020000000000000010000000000000000000000000000000000000000000000100009361481363WILIANE VIEIRA DOS SANTOS               RUA ALVES BATISTA, 689                  GENIBAU     60534070FORTALEZA      CE                               I75      00 000002
1021664461600013531320113011001300913                         00001473000000 00000000000000000000    010522501147       30042200000000033000330000001S100322020000000000000010000000000000000000000000000000000000000000000100009361481363WILIANE VIEIRA DOS SANTOS               RUA ALVES BATISTA, 689                  GENIBAU     60534070FORTALEZA      CE                               I75      00 000003
1021664461600013531320113011001300913                         00001481000000 00000000000000000000    010622501148       31052200000000033000330000001S100322020000000000000010000000000000000000000000000000000000000000000100009361481363WILIANE VIEIRA DOS SANTOS               RUA ALVES BATISTA, 689                  GENIBAU     60534070FORTALEZA      CE                               I75      00 000004
1021664461600013531320113011001300913                         00001490000000 00000000000000000000    010722501149       30062200000000033000330000001S100322020000000000000010000000000000000000000000000000000000000000000100009361481363WILIANE VIEIRA DOS SANTOS               RUA ALVES BATISTA, 689                  GENIBAU     60534070FORTALEZA      CE                               I75      00 000005
1021664461600013531320113011001300913                         00001503000000 00000000000000000000    010822501150       31072200000000033000330000001S100322020000000000000010000000000000000000000000000000000000000000000100009361481363WILIANE VIEIRA DOS SANTOS               RUA ALVES BATISTA, 689                  GENIBAU     60534070FORTALEZA      CE                               I75      00 000006
1021664461600013531320113011001300913                         00001511000000 00000000000000000000    010922501151       31082200000000033000330000001S100322020000000000000010000000000000000000000000000000000000000000000100009361481363WILIANE VIEIRA DOS SANTOS               RUA ALVES BATISTA, 689                  GENIBAU     60534070FORTALEZA      CE                               I75      00 000007
1021664461600013531320113011001300913                         00001520000000 00000000000000000000    011022501152       30092200000000033000330000001S100322020000000000000010000000000000000000000000000000000000000000000100009361481363WILIANE VIEIRA DOS SANTOS               RUA ALVES BATISTA, 689                  GENIBAU     60534070FORTALEZA      CE                               I75      00 000008
1021664461600013531320113011001300913                         00001538000000 00000000000000000000    011122501153       31102200000000033000330000001S100322020000000000000010000000000000000000000000000000000000000000000100009361481363WILIANE VIEIRA DOS SANTOS               RUA ALVES BATISTA, 689                  GENIBAU     60534070FORTALEZA      CE                               I75      00 000009
1021664461600013531320113011001300913                         00001546000000 00000000000000000000    011222501154       30112200000000033000330000001S100322020000000000000010000000000000000000000000000000000000000000000100009361481363WILIANE VIEIRA DOS SANTOS               RUA ALVES BATISTA, 689                  GENIBAU     60534070FORTALEZA      CE                               I75      00 000010
1021664461600013531320113011001300913                         00001554000000 00000000000000000000    010123501155       31122200000000033000330000001S100322020000000000000010000000000000000000000000000000000000000000000100009361481363WILIANE VIEIRA DOS SANTOS               RUA ALVES BATISTA, 689                  GENIBAU     60534070FORTALEZA      CE                               I75      00 000011
1021664461600013531320113011001300913                         00001562000000 00000000000000000000    010223501156       31012300000000033000330000001S100322020000000000000010000000000000000000000000000000000000000000000100009361481363WILIANE VIEIRA DOS SANTOS               RUA ALVES BATISTA, 689                  GENIBAU     60534070FORTALEZA      CE                               I75      00 000012
1021664461600013531320113011001300913                         00001570000000 00000000000000000000    010323501157       28022300000000033000330000001S100322020000000000000010000000000000000000000000000000000000000000000100009361481363WILIANE VIEIRA DOS SANTOS               RUA ALVES BATISTA, 689                  GENIBAU     60534070FORTALEZA      CE                               I75      00 000013
9000014000000003960000000000000000000000000000000000000000000000000000000000000000000000000000000000000000000000000000000000000000000000000000000000000000000000000000000000000000000000000000000000000000000000000000000000000000000000000000000000000000000000000000000000000000000000000000000000000000000000000000000000000000000000000000000000000000000000000000000000000000000000000000000000000000000014
