01REMESSA01COBRANCA       31320113011001300913INSTITUTO RAIMUNDO NOBRE      033SANTANDER      2802220000000000000000                                                                                                                                                                                                                                                                                   000000001
1021664461600013531320113011001300913                         00001465000000 00000000000000000000    040322501146       03032200000000033000330000001S280222020000000000000010000000000000000000000000000000000000000000000100009361481363WILIANE VIEIRA DOS SANTOS               RUA ALVES BATISTA,689                   GENIBAU     60534070FORTALEZA      CE                               I75      00 000002
1021664461600013531320113011001300913                         00001473000000 00000000000000000000    040422501147       03042200000000033000330000001S280222020000000000000010000000000000000000000000000000000000000000000100009361481363WILIANE VIEIRA DOS SANTOS               RUA ALVES BATISTA,689                   GENIBAU     60534070FORTALEZA      CE                               I75      00 000003
1021664461600013531320113011001300913                         00001481000000 00000000000000000000    040522501148       03052200000000033000330000001S280222020000000000000010000000000000000000000000000000000000000000000100009361481363WILIANE VIEIRA DOS SANTOS               RUA ALVES BATISTA,689                   GENIBAU     60534070FORTALEZA      CE                               I75      00 000004
1021664461600013531320113011001300913                         00001490000000 00000000000000000000    040622501149       03062200000000033000330000001S280222020000000000000010000000000000000000000000000000000000000000000100009361481363WILIANE VIEIRA DOS SANTOS               RUA ALVES BATISTA,689                   GENIBAU     60534070FORTALEZA      CE                               I75      00 000005
1021664461600013531320113011001300913                         00001503000000 00000000000000000000    040722501150       03072200000000033000330000001S280222020000000000000010000000000000000000000000000000000000000000000100009361481363WILIANE VIEIRA DOS SANTOS               RUA ALVES BATISTA,689                   GENIBAU     60534070FORTALEZA      CE                               I75      00 000006
1021664461600013531320113011001300913                         00001511000000 00000000000000000000    040822501151       03082200000000033000330000001S280222020000000000000010000000000000000000000000000000000000000000000100009361481363WILIANE VIEIRA DOS SANTOS               RUA ALVES BATISTA,689                   GENIBAU     60534070FORTALEZA      CE                               I75      00 000007
1021664461600013531320113011001300913                         00001520000000 00000000000000000000    040922501152       03092200000000033000330000001S280222020000000000000010000000000000000000000000000000000000000000000100009361481363WILIANE VIEIRA DOS SANTOS               RUA ALVES BATISTA,689                   GENIBAU     60534070FORTALEZA      CE                               I75      00 000008
1021664461600013531320113011001300913                         00001538000000 00000000000000000000    041022501153       03102200000000033000330000001S280222020000000000000010000000000000000000000000000000000000000000000100009361481363WILIANE VIEIRA DOS SANTOS               RUA ALVES BATISTA,689                   GENIBAU     60534070FORTALEZA      CE                               I75      00 000009
1021664461600013531320113011001300913                         00001546000000 00000000000000000000    041122501154       03112200000000033000330000001S280222020000000000000010000000000000000000000000000000000000000000000100009361481363WILIANE VIEIRA DOS SANTOS               RUA ALVES BATISTA,689                   GENIBAU     60534070FORTALEZA      CE                               I75      00 000010
1021664461600013531320113011001300913                         00001554000000 00000000000000000000    041222501155       03122200000000033000330000001S280222020000000000000010000000000000000000000000000000000000000000000100009361481363WILIANE VIEIRA DOS SANTOS               RUA ALVES BATISTA,689                   GENIBAU     60534070FORTALEZA      CE                               I75      00 000011
1021664461600013531320113011001300913                         00001562000000 00000000000000000000    040123501156       03012300000000033000330000001S280222020000000000000010000000000000000000000000000000000000000000000100009361481363WILIANE VIEIRA DOS SANTOS               RUA ALVES BATISTA,689                   GENIBAU     60534070FORTALEZA      CE                               I75      00 000012
1021664461600013531320113011001300913                         00001570000000 00000000000000000000    040223501157       03022300000000033000330000001S280222020000000000000010000000000000000000000000000000000000000000000100009361481363WILIANE VIEIRA DOS SANTOS               RUA ALVES BATISTA,689                   GENIBAU     60534070FORTALEZA      CE                               I75      00 000013
9000014000000003960000000000000000000000000000000000000000000000000000000000000000000000000000000000000000000000000000000000000000000000000000000000000000000000000000000000000000000000000000000000000000000000000000000000000000000000000000000000000000000000000000000000000000000000000000000000000000000000000000000000000000000000000000000000000000000000000000000000000000000000000000000000000000000014
