01REMESSA01COBRANCA       31320113011001300913INSTITUTO RAIMUNDO NOBRE      033SANTANDER      0903220000000000000000                                                                                                                                                                                                                                                                                   000000001
1021664461600013531320113011001300913                         00001104000000 00000000000000000000    010322501110       28022200000000027500330000001S090322020000000000000010000000000000000000000000000000000000000000000100001456137808LEDA MARIA DE OLIVEIRA GONZAGA          RUA LIVINO DE CARVALHO, 776             ITAOCA      60421240FORTALEZA      CE                               I75      00 000002
1021664461600013531320113011001300913                         00001112000000 00000000000000000000    290322501111       28032200000000027500330000001S090322020000000000000010000000000000000000000000000000000000000000000100001456137808LEDA MARIA DE OLIVEIRA GONZAGA          RUA LIVINO DE CARVALHO, 776             ITAOCA      60421240FORTALEZA      CE                               I75      00 000003
1021664461600013531320113011001300913                         00001120000000 00000000000000000000    290422501112       28042200000000027500330000001S090322020000000000000010000000000000000000000000000000000000000000000100001456137808LEDA MARIA DE OLIVEIRA GONZAGA          RUA LIVINO DE CARVALHO, 776             ITAOCA      60421240FORTALEZA      CE                               I75      00 000004
1021664461600013531320113011001300913                         00001139000000 00000000000000000000    290522501113       28052200000000027500330000001S090322020000000000000010000000000000000000000000000000000000000000000100001456137808LEDA MARIA DE OLIVEIRA GONZAGA          RUA LIVINO DE CARVALHO, 776             ITAOCA      60421240FORTALEZA      CE                               I75      00 000005
1021664461600013531320113011001300913                         00001147000000 00000000000000000000    290622501114       28062200000000027500330000001S090322020000000000000010000000000000000000000000000000000000000000000100001456137808LEDA MARIA DE OLIVEIRA GONZAGA          RUA LIVINO DE CARVALHO, 776             ITAOCA      60421240FORTALEZA      CE                               I75      00 000006
1021664461600013531320113011001300913                         00001155000000 00000000000000000000    290722501115       28072200000000027500330000001S090322020000000000000010000000000000000000000000000000000000000000000100001456137808LEDA MARIA DE OLIVEIRA GONZAGA          RUA LIVINO DE CARVALHO, 776             ITAOCA      60421240FORTALEZA      CE                               I75      00 000007
1021664461600013531320113011001300913                         00001163000000 00000000000000000000    290822501116       28082200000000027500330000001S090322020000000000000010000000000000000000000000000000000000000000000100001456137808LEDA MARIA DE OLIVEIRA GONZAGA          RUA LIVINO DE CARVALHO, 776             ITAOCA      60421240FORTALEZA      CE                               I75      00 000008
1021664461600013531320113011001300913                         00001171000000 00000000000000000000    290922501117       28092200000000027500330000001S090322020000000000000010000000000000000000000000000000000000000000000100001456137808LEDA MARIA DE OLIVEIRA GONZAGA          RUA LIVINO DE CARVALHO, 776             ITAOCA      60421240FORTALEZA      CE                               I75      00 000009
1021664461600013531320113011001300913                         00001180000000 00000000000000000000    291022501118       28102200000000027500330000001S090322020000000000000010000000000000000000000000000000000000000000000100001456137808LEDA MARIA DE OLIVEIRA GONZAGA          RUA LIVINO DE CARVALHO, 776             ITAOCA      60421240FORTALEZA      CE                               I75      00 000010
1021664461600013531320113011001300913                         00001198000000 00000000000000000000    291122501119       28112200000000027500330000001S090322020000000000000010000000000000000000000000000000000000000000000100001456137808LEDA MARIA DE OLIVEIRA GONZAGA          RUA LIVINO DE CARVALHO, 776             ITAOCA      60421240FORTALEZA      CE                               I75      00 000011
1021664461600013531320113011001300913                         00001201000000 00000000000000000000    291222501120       28122200000000027500330000001S090322020000000000000010000000000000000000000000000000000000000000000100001456137808LEDA MARIA DE OLIVEIRA GONZAGA          RUA LIVINO DE CARVALHO, 776             ITAOCA      60421240FORTALEZA      CE                               I75      00 000012
1021664461600013531320113011001300913                         00001210000000 00000000000000000000    290123501121       28012300000000027500330000001S090322020000000000000010000000000000000000000000000000000000000000000100001456137808LEDA MARIA DE OLIVEIRA GONZAGA          RUA LIVINO DE CARVALHO, 776             ITAOCA      60421240FORTALEZA      CE                               I75      00 000013
9000014000000003300000000000000000000000000000000000000000000000000000000000000000000000000000000000000000000000000000000000000000000000000000000000000000000000000000000000000000000000000000000000000000000000000000000000000000000000000000000000000000000000000000000000000000000000000000000000000000000000000000000000000000000000000000000000000000000000000000000000000000000000000000000000000000000014
