01REMESSA01COBRANCA       31320113011001300913INSTITUTO RAIMUNDO NOBRE      033SANTANDER      2507220000000000000000                                                                                                                                                                                                                                                                                   000000001
1021664461600013531320113011001300913                         00004944000000 00000000000000000000    130622501494       12062200000000033000330000001S250722020000000000000010000000000000000000000000000000000000000000000100083240101300RONALDO DAVID DA SILVA                  RUA CORONEL JOAO CORREIA,579            BOM JARDIM  60543322FORTALEZA      CE                               I75      00 000002
9000003000000000330000000000000000000000000000000000000000000000000000000000000000000000000000000000000000000000000000000000000000000000000000000000000000000000000000000000000000000000000000000000000000000000000000000000000000000000000000000000000000000000000000000000000000000000000000000000000000000000000000000000000000000000000000000000000000000000000000000000000000000000000000000000000000000003
