02RETORNO01COBRANCA       31321300913730091375INSTITUTO RAIMUNDO NOBRE      033SANTANDER      24022200000000001130110                                                                                                                                                                                                                                                                                  719000001
1021664461600013531321300913730091375                         00000221                                     50224022222        0000022100          24022200000000010000333132101000000000000000000000000000000000000000000000000000000000000000000000000000000000000000000000000000000000000000000000 N 240222MELQUESEDEQUE MOTA                   00000000000000000000000000000000000000000C           719000002
1021664461600013531321300913730091375100913                   01009130                                     502240222100913    0100913000          05032200000000010000333132101000000000000000000000000000000000000000000000000000000000000000000000000000000000000000000000000000000000000000000000 N 240222JOSE VALTO BENICIO                   00000000000000000000000000000000000000000C           719000003
1021664461600013531321300913730091375165328                   01653282                                     509240222165328    0165328200          27122100000000036300333132101000000000000000000000000000000000000000000000000000000000000000000000000000000000000000000000000000000000000000000000 N 240222MARIA DOS SANTOS ARCANJO             00000000000000000000000000000000000000000C           719000004
1021664461600013531321300913730091375166032                   01660320                                     509240222166032    0166032000          27122100000000035540333132101000000000000000000000000000000000000000000000000000000000000000000000000000000000000000000000000000000000000000000000 N 240222MARIA DOS SANTOS ARCANJO             00000000000000000000000000000000000000000C           719000005
1021664461600013531321300913730091375166199                   01661991                                     509240222166199    0166199100          27122100000000033000333132101000000000000000000000000000000000000000000000000000000000000000000000000000000000000000000000000000000000000000000000 N 240222MARIA APARECIDA DE CASTRO FERREIRA   00000000000000000000000000000000000000000C           719000006
1021664461600013531321300913730091375168113                   01681137                                     506240222168113    0168113700          05022200000000033000330000001000000000013500000000000000000000000000000000000000000000000000000000000000000000000000336600000000000660000000000000 N 250222TAMIRES DE MARIA DA SILVA            00000000000000000000000000000000000003366C           719000007
1021664461600013531321300913730091375168216                   01682160                                     506240222168216    0168216000          05032200000000033000330000001000000000013500000000000000000000000000000000000000000000000000000000000000000000000000330000000000000000000000000000 N 250222MARTA MARIA CAMPELO PIMENTA          00000000000000000000000000000000000003300C           719000008
1021664461600013531321300913730091375169541                   01695412                                     509240222169541    0169541200          27122100000000033000333132101000000000000000000000000000000000000000000000000000000000000000000000000000000000000000000000000000000000000000000000 N 240222HELIDIANA DO NASCIMENTO SILVA LOPES  00000000000000000000000000000000000000000C           719000009
1021664461600013531321300913730091375170076                   01700768                                     509240222170076    0170076800          27122100000000035800333132101000000000000000000000000000000000000000000000000000000000000000000000000000000000000000000000000000000000000000000000 N 240222JANETE NOGUEIRA SANTOS               00000000000000000000000000000000000000000C           719000010
1021664461600013531321300913730091375170904                   01709048                                     509240222170904    0170904800          27122100000000035800333132101000000000000000000000000000000000000000000000000000000000000000000000000000000000000000000000000000000000000000000000 N 240222LIDUINA DE ARAUJO DE LIMA            00000000000000000000000000000000000000000C           719000011
1021664461600013531321300913730091375172725                   01727253                                     506240222172725    0172725300          28022200000000108830330000001000000000013500000000000000000000000000000000000000000000000000000000000000000000000001088300000000000000000000000000 N 250222AILA MARIA RODRIGUES DO NASCIMENTO   00000000000000000000000000000000000010883C           719000012
1021664461600013531321300913730091375175087                   01750878                                     509240222175087    0175087800          27122100000000035640333132101000000000000000000000000000000000000000000000000000000000000000000000000000000000000000000000000000000000000000000000 N 240222ANGELITA FARIAS DE CASTRO            00000000000000000000000000000000000000000C           719000013
1021664461600013531321300913730091375175400                   01754008                                     509240222175400    0175400800          27122100000000035640333132101000000000000000000000000000000000000000000000000000000000000000000000000000000000000000000000000000000000000000000000 N 240222TATIANA CAMILO DE ANDRADE            00000000000000000000000000000000000000000C           719000014
1021664461600013531321300913730091375176891                   01768915                                     506240222176891    0176891500          05022200000000036460330000001000000000013500000000000000000000000000000000000000000000000000000000000000000000000000371900000000000730000000000000 N 250222MARIA NELITA CARDOSO SILVA           00000000000000000000000000000000000003719C           719000015
1021664461600013531321300913730091375177509                   01775097                                     506240222177509    0177509700          05032200000000033000330000001000000000013500000000000000000000000000000000000000000000000000000000000000000000000000330000000000000000000000000000 N 250222LUCIRENE PAZ DA SILVA                00000000000000000000000000000000000003300C           719000016
1021664461600013531321300913730091375178494                   01784943                                     502240222178494    0178494300          15032200000000033000333132101000000000000000000000000000000000000000000000000000000000000000000000000000000000000000000000000000000000000000000000 N 240222MARIA HELOISA SOUZA DE ARRUDA        00000000000000000000000000000000000000000C           719000017
1021664461600013531321300913730091375178495                   01784950                                     502240222178495    0178495000          15042200000000033000333132101000000000000000000000000000000000000000000000000000000000000000000000000000000000000000000000000000000000000000000000 N 240222MARIA HELOISA SOUZA DE ARRUDA        00000000000000000000000000000000000000000C           719000018
1021664461600013531321300913730091375178496                   01784966                                     502240222178496    0178496600          15052200000000033000333132101000000000000000000000000000000000000000000000000000000000000000000000000000000000000000000000000000000000000000000000 N 240222MARIA HELOISA SOUZA DE ARRUDA        00000000000000000000000000000000000000000C           719000019
1021664461600013531321300913730091375178497                   01784972                                     502240222178497    0178497200          15062200000000033000333132101000000000000000000000000000000000000000000000000000000000000000000000000000000000000000000000000000000000000000000000 N 240222MARIA HELOISA SOUZA DE ARRUDA        00000000000000000000000000000000000000000C           719000020
1021664461600013531321300913730091375178498                   01784989                                     502240222178498    0178498900          15072200000000033000333132101000000000000000000000000000000000000000000000000000000000000000000000000000000000000000000000000000000000000000000000 N 240222MARIA HELOISA SOUZA DE ARRUDA        00000000000000000000000000000000000000000C           719000021
1021664461600013531321300913730091375178499                   01784995                                     502240222178499    0178499500          15082200000000033000333132101000000000000000000000000000000000000000000000000000000000000000000000000000000000000000000000000000000000000000000000 N 240222MARIA HELOISA SOUZA DE ARRUDA        00000000000000000000000000000000000000000C           719000022
1021664461600013531321300913730091375178500                   01785003                                     502240222178500    0178500300          15092200000000033000333132101000000000000000000000000000000000000000000000000000000000000000000000000000000000000000000000000000000000000000000000 N 240222MARIA HELOISA SOUZA DE ARRUDA        00000000000000000000000000000000000000000C           719000023
1021664461600013531321300913730091375178501                   01785010                                     502240222178501    0178501000          15102200000000033000333132101000000000000000000000000000000000000000000000000000000000000000000000000000000000000000000000000000000000000000000000 N 240222MARIA HELOISA SOUZA DE ARRUDA        00000000000000000000000000000000000000000C           719000024
1021664461600013531321300913730091375178502                   01785026                                     502240222178502    0178502600          15112200000000033000333132101000000000000000000000000000000000000000000000000000000000000000000000000000000000000000000000000000000000000000000000 N 240222MARIA HELOISA SOUZA DE ARRUDA        00000000000000000000000000000000000000000C           719000025
1021664461600013531321300913730091375178503                   01785032                                     502240222178503    0178503200          15122200000000033000333132101000000000000000000000000000000000000000000000000000000000000000000000000000000000000000000000000000000000000000000000 N 240222MARIA HELOISA SOUZA DE ARRUDA        00000000000000000000000000000000000000000C           719000026
1021664461600013531321300913730091375178504                   01785049                                     502240222178504    0178504900          15012300000000033000333132101000000000000000000000000000000000000000000000000000000000000000000000000000000000000000000000000000000000000000000000 N 240222MARIA HELOISA SOUZA DE ARRUDA        00000000000000000000000000000000000000000C           719000027
1021664461600013531321300913730091375178505                   01785055                                     502240222178505    0178505500          15022300000000033000333132101000000000000000000000000000000000000000000000000000000000000000000000000000000000000000000000000000000000000000000000 N 240222MARIA HELOISA SOUZA DE ARRUDA        00000000000000000000000000000000000000000C           719000028
9201033          000043200000001843232900000716                                                  000000000000000000000000000000          000000000000000000000000000000                                                                                                                                                                                                                                719000029
