02RETORNO01COBRANCA       31321300913730091375INSTITUTO RAIMUNDO NOBRE      033SANTANDER      24022200000000001130110                                                                                                                                                                                                                                                                                  719000001
1021664461600013531321300913730091375                         00000221                                     50224022222        0000022100          24022200000000010000333132101000000000000000000000000000000000000000000000000000000000000000000000000000000000000000000000000000000000000000000000 N 240222MELQUESEDEQUE MOTA                   00000000000000000000000000000000000000000C           719000002
9201033          000043200000001843232900000716                                                  000000000000000000000000000000          000000000000000000000000000000                                                                                                                                                                                                                                719000029
