01REMESSA01COBRANCA       31320113011001300913INSTITUTO RAIMUNDO NOBRE      033SANTANDER      2504220000000000000000                                                                                                                                                                                                                                                                                   000000001
1021664461600013531320113011001300913                         00001945000000 00000000000000000000    120522501194       11052200000000033000330000001S250422020000000000000010000000000000000000000000000000000000000000000100047788879304MARIA CLEUMAR DE SOUZA MUNIZ            LEAO DO NORTE, 59                       VILA PERY   60730010FORTALEZA      CE                               I75      00 000002
1021664461600013531320113011001300913                         00001953000000 00000000000000000000    120622501195       11062200000000033000330000001S250422020000000000000010000000000000000000000000000000000000000000000100047788879304MARIA CLEUMAR DE SOUZA MUNIZ            LEAO DO NORTE, 59                       VILA PERY   60730010FORTALEZA      CE                               I75      00 000003
1021664461600013531320113011001300913                         00001961000000 00000000000000000000    120722501196       11072200000000033000330000001S250422020000000000000010000000000000000000000000000000000000000000000100047788879304MARIA CLEUMAR DE SOUZA MUNIZ            LEAO DO NORTE, 59                       VILA PERY   60730010FORTALEZA      CE                               I75      00 000004
1021664461600013531320113011001300913                         00001970000000 00000000000000000000    120822501197       11082200000000033000330000001S250422020000000000000010000000000000000000000000000000000000000000000100047788879304MARIA CLEUMAR DE SOUZA MUNIZ            LEAO DO NORTE, 59                       VILA PERY   60730010FORTALEZA      CE                               I75      00 000005
1021664461600013531320113011001300913                         00001988000000 00000000000000000000    120922501198       11092200000000033000330000001S250422020000000000000010000000000000000000000000000000000000000000000100047788879304MARIA CLEUMAR DE SOUZA MUNIZ            LEAO DO NORTE, 59                       VILA PERY   60730010FORTALEZA      CE                               I75      00 000006
1021664461600013531320113011001300913                         00001996000000 00000000000000000000    121022501199       11102200000000033000330000001S250422020000000000000010000000000000000000000000000000000000000000000100047788879304MARIA CLEUMAR DE SOUZA MUNIZ            LEAO DO NORTE, 59                       VILA PERY   60730010FORTALEZA      CE                               I75      00 000007
1021664461600013531320113011001300913                         00002003000000 00000000000000000000    121122501200       11112200000000033000330000001S250422020000000000000010000000000000000000000000000000000000000000000100047788879304MARIA CLEUMAR DE SOUZA MUNIZ            LEAO DO NORTE, 59                       VILA PERY   60730010FORTALEZA      CE                               I75      00 000008
1021664461600013531320113011001300913                         00002011000000 00000000000000000000    121222501201       11122200000000033000330000001S250422020000000000000010000000000000000000000000000000000000000000000100047788879304MARIA CLEUMAR DE SOUZA MUNIZ            LEAO DO NORTE, 59                       VILA PERY   60730010FORTALEZA      CE                               I75      00 000009
1021664461600013531320113011001300913                         00002020000000 00000000000000000000    120123501202       11012300000000033000330000001S250422020000000000000010000000000000000000000000000000000000000000000100047788879304MARIA CLEUMAR DE SOUZA MUNIZ            LEAO DO NORTE, 59                       VILA PERY   60730010FORTALEZA      CE                               I75      00 000010
1021664461600013531320113011001300913                         00002038000000 00000000000000000000    120223501203       11022300000000033000330000001S250422020000000000000010000000000000000000000000000000000000000000000100047788879304MARIA CLEUMAR DE SOUZA MUNIZ            LEAO DO NORTE, 59                       VILA PERY   60730010FORTALEZA      CE                               I75      00 000011
1021664461600013531320113011001300913                         00002046000000 00000000000000000000    120323501204       11032300000000033000330000001S250422020000000000000010000000000000000000000000000000000000000000000100047788879304MARIA CLEUMAR DE SOUZA MUNIZ            LEAO DO NORTE, 59                       VILA PERY   60730010FORTALEZA      CE                               I75      00 000012
1021664461600013531320113011001300913                         00002054000000 00000000000000000000    120423501205       11042300000000033000330000001S250422020000000000000010000000000000000000000000000000000000000000000100047788879304MARIA CLEUMAR DE SOUZA MUNIZ            LEAO DO NORTE, 59                       VILA PERY   60730010FORTALEZA      CE                               I75      00 000013
9000014000000003960000000000000000000000000000000000000000000000000000000000000000000000000000000000000000000000000000000000000000000000000000000000000000000000000000000000000000000000000000000000000000000000000000000000000000000000000000000000000000000000000000000000000000000000000000000000000000000000000000000000000000000000000000000000000000000000000000000000000000000000000000000000000000000014
