01REMESSA01COBRANCA       31320113011001300913INSTITUTO RAIMUNDO NOBRE      033SANTANDER      2804220000000000000000                                                                                                                                                                                                                                                                                   000000001
1021664461600013531320113011001300913                         00002909000000 00000000000000000000    230522501290       22052200000000033000330000001S280422020000000000000010000000000000000000000000000000000000000000000100053920430468MARIA VILANI DE OLIVEIRA PINHEIRO       RUA 8,13                                PASSARE     60745080FORTALEZA      CE                               I75      00 000002
9000003000000000330000000000000000000000000000000000000000000000000000000000000000000000000000000000000000000000000000000000000000000000000000000000000000000000000000000000000000000000000000000000000000000000000000000000000000000000000000000000000000000000000000000000000000000000000000000000000000000000000000000000000000000000000000000000000000000000000000000000000000000000000000000000000000000003
