01REMESSA01COBRANCA       31320113011001300913INSTITUTO RAIMUNDO NOBRE      033SANTANDER      2804220000000000000000                                                                                                                                                                                                                                                                                   000000001
1021664461600013531320113011001300913                         00002909000000 00000000000000000000    230522501290       22052200000000033000330000001S280422020000000000000010000000000000000000000000000000000000000000000100053920430468MARIA VILANI DE OLIVEIRA PINHEIRO       RUA 8, 13                               PASSARE     60745080FORTALEZA      CE                               I75      00 000002
1021664461600013531320113011001300913                         00002917000000 00000000000000000000    230622501291       22062200000000033000330000001S280422020000000000000010000000000000000000000000000000000000000000000100053920430468MARIA VILANI DE OLIVEIRA PINHEIRO       RUA 8, 13                               PASSARE     60745080FORTALEZA      CE                               I75      00 000003
1021664461600013531320113011001300913                         00002925000000 00000000000000000000    230722501292       22072200000000033000330000001S280422020000000000000010000000000000000000000000000000000000000000000100053920430468MARIA VILANI DE OLIVEIRA PINHEIRO       RUA 8, 13                               PASSARE     60745080FORTALEZA      CE                               I75      00 000004
1021664461600013531320113011001300913                         00002933000000 00000000000000000000    230822501293       22082200000000033000330000001S280422020000000000000010000000000000000000000000000000000000000000000100053920430468MARIA VILANI DE OLIVEIRA PINHEIRO       RUA 8, 13                               PASSARE     60745080FORTALEZA      CE                               I75      00 000005
1021664461600013531320113011001300913                         00002941000000 00000000000000000000    230922501294       22092200000000033000330000001S280422020000000000000010000000000000000000000000000000000000000000000100053920430468MARIA VILANI DE OLIVEIRA PINHEIRO       RUA 8, 13                               PASSARE     60745080FORTALEZA      CE                               I75      00 000006
1021664461600013531320113011001300913                         00002950000000 00000000000000000000    231022501295       22102200000000033000330000001S280422020000000000000010000000000000000000000000000000000000000000000100053920430468MARIA VILANI DE OLIVEIRA PINHEIRO       RUA 8, 13                               PASSARE     60745080FORTALEZA      CE                               I75      00 000007
1021664461600013531320113011001300913                         00002968000000 00000000000000000000    231122501296       22112200000000033000330000001S280422020000000000000010000000000000000000000000000000000000000000000100053920430468MARIA VILANI DE OLIVEIRA PINHEIRO       RUA 8, 13                               PASSARE     60745080FORTALEZA      CE                               I75      00 000008
1021664461600013531320113011001300913                         00002976000000 00000000000000000000    231222501297       22122200000000033000330000001S280422020000000000000010000000000000000000000000000000000000000000000100053920430468MARIA VILANI DE OLIVEIRA PINHEIRO       RUA 8, 13                               PASSARE     60745080FORTALEZA      CE                               I75      00 000009
1021664461600013531320113011001300913                         00002984000000 00000000000000000000    230123501298       22012300000000033000330000001S280422020000000000000010000000000000000000000000000000000000000000000100053920430468MARIA VILANI DE OLIVEIRA PINHEIRO       RUA 8, 13                               PASSARE     60745080FORTALEZA      CE                               I75      00 000010
1021664461600013531320113011001300913                         00002992000000 00000000000000000000    230223501299       22022300000000033000330000001S280422020000000000000010000000000000000000000000000000000000000000000100053920430468MARIA VILANI DE OLIVEIRA PINHEIRO       RUA 8, 13                               PASSARE     60745080FORTALEZA      CE                               I75      00 000011
1021664461600013531320113011001300913                         00003000000000 00000000000000000000    230323501300       22032300000000033000330000001S280422020000000000000010000000000000000000000000000000000000000000000100053920430468MARIA VILANI DE OLIVEIRA PINHEIRO       RUA 8, 13                               PASSARE     60745080FORTALEZA      CE                               I75      00 000012
1021664461600013531320113011001300913                         00003018000000 00000000000000000000    230423501301       22042300000000033000330000001S280422020000000000000010000000000000000000000000000000000000000000000100053920430468MARIA VILANI DE OLIVEIRA PINHEIRO       RUA 8, 13                               PASSARE     60745080FORTALEZA      CE                               I75      00 000013
9000014000000003960000000000000000000000000000000000000000000000000000000000000000000000000000000000000000000000000000000000000000000000000000000000000000000000000000000000000000000000000000000000000000000000000000000000000000000000000000000000000000000000000000000000000000000000000000000000000000000000000000000000000000000000000000000000000000000000000000000000000000000000000000000000000000000014
