01REMESSA01COBRANCA       31320113011001300913INSTITUTO RAIMUNDO NOBRE      033SANTANDER      2804220000000000000000                                                                                                                                                                                                                                                                                   000000001
1021664461600013531320113011001300913                         00003026000000 00000000000000000000    270522501302       26052200000000033000330000001S280422020000000000000010000000000000000000000000000000000000000000000100072966300353HEBENOISA  BEZERRA DE FREITAS           RUA JOAQUIM NABUCO, 3250                DIONISIO TOR60125121FORTALEZA      CE                               I75      00 000002
1021664461600013531320113011001300913                         00003034000000 00000000000000000000    270622501303       26062200000000033000330000001S280422020000000000000010000000000000000000000000000000000000000000000100072966300353HEBENOISA  BEZERRA DE FREITAS           RUA JOAQUIM NABUCO, 3250                DIONISIO TOR60125121FORTALEZA      CE                               I75      00 000003
1021664461600013531320113011001300913                         00003042000000 00000000000000000000    270722501304       26072200000000033000330000001S280422020000000000000010000000000000000000000000000000000000000000000100072966300353HEBENOISA  BEZERRA DE FREITAS           RUA JOAQUIM NABUCO, 3250                DIONISIO TOR60125121FORTALEZA      CE                               I75      00 000004
1021664461600013531320113011001300913                         00003050000000 00000000000000000000    270822501305       26082200000000033000330000001S280422020000000000000010000000000000000000000000000000000000000000000100072966300353HEBENOISA  BEZERRA DE FREITAS           RUA JOAQUIM NABUCO, 3250                DIONISIO TOR60125121FORTALEZA      CE                               I75      00 000005
1021664461600013531320113011001300913                         00003069000000 00000000000000000000    270922501306       26092200000000033000330000001S280422020000000000000010000000000000000000000000000000000000000000000100072966300353HEBENOISA  BEZERRA DE FREITAS           RUA JOAQUIM NABUCO, 3250                DIONISIO TOR60125121FORTALEZA      CE                               I75      00 000006
1021664461600013531320113011001300913                         00003077000000 00000000000000000000    271022501307       26102200000000033000330000001S280422020000000000000010000000000000000000000000000000000000000000000100072966300353HEBENOISA  BEZERRA DE FREITAS           RUA JOAQUIM NABUCO, 3250                DIONISIO TOR60125121FORTALEZA      CE                               I75      00 000007
1021664461600013531320113011001300913                         00003085000000 00000000000000000000    271122501308       26112200000000033000330000001S280422020000000000000010000000000000000000000000000000000000000000000100072966300353HEBENOISA  BEZERRA DE FREITAS           RUA JOAQUIM NABUCO, 3250                DIONISIO TOR60125121FORTALEZA      CE                               I75      00 000008
1021664461600013531320113011001300913                         00003093000000 00000000000000000000    271222501309       26122200000000033000330000001S280422020000000000000010000000000000000000000000000000000000000000000100072966300353HEBENOISA  BEZERRA DE FREITAS           RUA JOAQUIM NABUCO, 3250                DIONISIO TOR60125121FORTALEZA      CE                               I75      00 000009
1021664461600013531320113011001300913                         00003107000000 00000000000000000000    270123501310       26012300000000033000330000001S280422020000000000000010000000000000000000000000000000000000000000000100072966300353HEBENOISA  BEZERRA DE FREITAS           RUA JOAQUIM NABUCO, 3250                DIONISIO TOR60125121FORTALEZA      CE                               I75      00 000010
1021664461600013531320113011001300913                         00003115000000 00000000000000000000    270223501311       26022300000000033000330000001S280422020000000000000010000000000000000000000000000000000000000000000100072966300353HEBENOISA  BEZERRA DE FREITAS           RUA JOAQUIM NABUCO, 3250                DIONISIO TOR60125121FORTALEZA      CE                               I75      00 000011
1021664461600013531320113011001300913                         00003123000000 00000000000000000000    270323501312       26032300000000033000330000001S280422020000000000000010000000000000000000000000000000000000000000000100072966300353HEBENOISA  BEZERRA DE FREITAS           RUA JOAQUIM NABUCO, 3250                DIONISIO TOR60125121FORTALEZA      CE                               I75      00 000012
1021664461600013531320113011001300913                         00003131000000 00000000000000000000    270423501313       26042300000000033000330000001S280422020000000000000010000000000000000000000000000000000000000000000100072966300353HEBENOISA  BEZERRA DE FREITAS           RUA JOAQUIM NABUCO, 3250                DIONISIO TOR60125121FORTALEZA      CE                               I75      00 000013
9000014000000003960000000000000000000000000000000000000000000000000000000000000000000000000000000000000000000000000000000000000000000000000000000000000000000000000000000000000000000000000000000000000000000000000000000000000000000000000000000000000000000000000000000000000000000000000000000000000000000000000000000000000000000000000000000000000000000000000000000000000000000000000000000000000000000014
