01REMESSA01COBRANCA       31320113011001300913INSTITUTO RAIMUNDO NOBRE      033SANTANDER      2702220000000000000000                                                                                                                                                                                                                                                                                   000000001
1021664461600013531320113011001300913                         00000965000000 00000000000000000000    13022250196        12022200000000035000330000001S270222020000000000000010000000000000000000000000000000000000000000000100045771375349MARIA MEIRE ALENCAR SILVA               AVENIDA G,21A                           PREFEITO JOS60750060FORTALEZA      CE                               I75      00 000002
9000003000000000350000000000000000000000000000000000000000000000000000000000000000000000000000000000000000000000000000000000000000000000000000000000000000000000000000000000000000000000000000000000000000000000000000000000000000000000000000000000000000000000000000000000000000000000000000000000000000000000000000000000000000000000000000000000000000000000000000000000000000000000000000000000000000000003
