01REMESSA01COBRANCA       31320113011001300913INSTITUTO RAIMUNDO NOBRE      033SANTANDER      2702220000000000000000                                                                                                                                                                                                                                                                                   000000001
1021664461600013531320113011001300913                         00000965000000 00000000000000000000    13022250196        12022200000000035000330000001S270222020000000000000010000000000000000000000000000000000000000000000100045771375349MARIA MEIRE ALENCAR SILVA               AVENIDA G,21A                           PREFEITO JOS60750060FORTALEZA      CE                               I75      00 000002
1021664461600013531320113011001300913                         00000973000000 00000000000000000000    13032250197        12032200000000035000330000001S270222020000000000000010000000000000000000000000000000000000000000000100045771375349MARIA MEIRE ALENCAR SILVA               AVENIDA G,21A                           PREFEITO JOS60750060FORTALEZA      CE                               I75      00 000003
1021664461600013531320113011001300913                         00000981000000 00000000000000000000    13042250198        12042200000000035000330000001S270222020000000000000010000000000000000000000000000000000000000000000100045771375349MARIA MEIRE ALENCAR SILVA               AVENIDA G,21A                           PREFEITO JOS60750060FORTALEZA      CE                               I75      00 000004
1021664461600013531320113011001300913                         00000990000000 00000000000000000000    13052250199        12052200000000035000330000001S270222020000000000000010000000000000000000000000000000000000000000000100045771375349MARIA MEIRE ALENCAR SILVA               AVENIDA G,21A                           PREFEITO JOS60750060FORTALEZA      CE                               I75      00 000005
1021664461600013531320113011001300913                         00001007000000 00000000000000000000    130622501100       12062200000000035000330000001S270222020000000000000010000000000000000000000000000000000000000000000100045771375349MARIA MEIRE ALENCAR SILVA               AVENIDA G,21A                           PREFEITO JOS60750060FORTALEZA      CE                               I75      00 000006
1021664461600013531320113011001300913                         00001015000000 00000000000000000000    130722501101       12072200000000035000330000001S270222020000000000000010000000000000000000000000000000000000000000000100045771375349MARIA MEIRE ALENCAR SILVA               AVENIDA G,21A                           PREFEITO JOS60750060FORTALEZA      CE                               I75      00 000007
1021664461600013531320113011001300913                         00001023000000 00000000000000000000    130822501102       12082200000000035000330000001S270222020000000000000010000000000000000000000000000000000000000000000100045771375349MARIA MEIRE ALENCAR SILVA               AVENIDA G,21A                           PREFEITO JOS60750060FORTALEZA      CE                               I75      00 000008
1021664461600013531320113011001300913                         00001031000000 00000000000000000000    130922501103       12092200000000035000330000001S270222020000000000000010000000000000000000000000000000000000000000000100045771375349MARIA MEIRE ALENCAR SILVA               AVENIDA G,21A                           PREFEITO JOS60750060FORTALEZA      CE                               I75      00 000009
1021664461600013531320113011001300913                         00001040000000 00000000000000000000    131022501104       12102200000000035000330000001S270222020000000000000010000000000000000000000000000000000000000000000100045771375349MARIA MEIRE ALENCAR SILVA               AVENIDA G,21A                           PREFEITO JOS60750060FORTALEZA      CE                               I75      00 000010
1021664461600013531320113011001300913                         00001058000000 00000000000000000000    131122501105       12112200000000035000330000001S270222020000000000000010000000000000000000000000000000000000000000000100045771375349MARIA MEIRE ALENCAR SILVA               AVENIDA G,21A                           PREFEITO JOS60750060FORTALEZA      CE                               I75      00 000011
1021664461600013531320113011001300913                         00001066000000 00000000000000000000    131222501106       12122200000000035000330000001S270222020000000000000010000000000000000000000000000000000000000000000100045771375349MARIA MEIRE ALENCAR SILVA               AVENIDA G,21A                           PREFEITO JOS60750060FORTALEZA      CE                               I75      00 000012
1021664461600013531320113011001300913                         00001074000000 00000000000000000000    130123501107       12012300000000035000330000001S270222020000000000000010000000000000000000000000000000000000000000000100045771375349MARIA MEIRE ALENCAR SILVA               AVENIDA G,21A                           PREFEITO JOS60750060FORTALEZA      CE                               I75      00 000013
9000014000000004200000000000000000000000000000000000000000000000000000000000000000000000000000000000000000000000000000000000000000000000000000000000000000000000000000000000000000000000000000000000000000000000000000000000000000000000000000000000000000000000000000000000000000000000000000000000000000000000000000000000000000000000000000000000000000000000000000000000000000000000000000000000000000000014
