01REMESSA01COBRANCA       31320113011001300913INSTITUTO RAIMUNDO NOBRE      033SANTANDER      2802220000000000000000                                                                                                                                                                                                                                                                                   000000001
1021664461600013531320113011001300913                         00001228000000 00000000000000000000    250222501122       24022200000000033000330000001S280222020000000000000010000000000000000000000000000000000000000000000100045771375349MARIA MEIRE ALENCAR SILVA               AVENIDA G,21A                           PREFEITO JOS60750060FORTALEZA      CE                               I75      00 000002
1021664461600013531320113011001300913                         00001236000000 00000000000000000000    250322501123       24032200000000033000330000001S280222020000000000000010000000000000000000000000000000000000000000000100045771375349MARIA MEIRE ALENCAR SILVA               AVENIDA G,21A                           PREFEITO JOS60750060FORTALEZA      CE                               I75      00 000003
1021664461600013531320113011001300913                         00001244000000 00000000000000000000    250422501124       24042200000000033000330000001S280222020000000000000010000000000000000000000000000000000000000000000100045771375349MARIA MEIRE ALENCAR SILVA               AVENIDA G,21A                           PREFEITO JOS60750060FORTALEZA      CE                               I75      00 000004
1021664461600013531320113011001300913                         00001252000000 00000000000000000000    250522501125       24052200000000033000330000001S280222020000000000000010000000000000000000000000000000000000000000000100045771375349MARIA MEIRE ALENCAR SILVA               AVENIDA G,21A                           PREFEITO JOS60750060FORTALEZA      CE                               I75      00 000005
1021664461600013531320113011001300913                         00001260000000 00000000000000000000    250622501126       24062200000000033000330000001S280222020000000000000010000000000000000000000000000000000000000000000100045771375349MARIA MEIRE ALENCAR SILVA               AVENIDA G,21A                           PREFEITO JOS60750060FORTALEZA      CE                               I75      00 000006
1021664461600013531320113011001300913                         00001279000000 00000000000000000000    250722501127       24072200000000033000330000001S280222020000000000000010000000000000000000000000000000000000000000000100045771375349MARIA MEIRE ALENCAR SILVA               AVENIDA G,21A                           PREFEITO JOS60750060FORTALEZA      CE                               I75      00 000007
1021664461600013531320113011001300913                         00001287000000 00000000000000000000    250822501128       24082200000000033000330000001S280222020000000000000010000000000000000000000000000000000000000000000100045771375349MARIA MEIRE ALENCAR SILVA               AVENIDA G,21A                           PREFEITO JOS60750060FORTALEZA      CE                               I75      00 000008
1021664461600013531320113011001300913                         00001295000000 00000000000000000000    250922501129       24092200000000033000330000001S280222020000000000000010000000000000000000000000000000000000000000000100045771375349MARIA MEIRE ALENCAR SILVA               AVENIDA G,21A                           PREFEITO JOS60750060FORTALEZA      CE                               I75      00 000009
1021664461600013531320113011001300913                         00001309000000 00000000000000000000    251022501130       24102200000000033000330000001S280222020000000000000010000000000000000000000000000000000000000000000100045771375349MARIA MEIRE ALENCAR SILVA               AVENIDA G,21A                           PREFEITO JOS60750060FORTALEZA      CE                               I75      00 000010
1021664461600013531320113011001300913                         00001317000000 00000000000000000000    251122501131       24112200000000033000330000001S280222020000000000000010000000000000000000000000000000000000000000000100045771375349MARIA MEIRE ALENCAR SILVA               AVENIDA G,21A                           PREFEITO JOS60750060FORTALEZA      CE                               I75      00 000011
1021664461600013531320113011001300913                         00001325000000 00000000000000000000    251222501132       24122200000000033000330000001S280222020000000000000010000000000000000000000000000000000000000000000100045771375349MARIA MEIRE ALENCAR SILVA               AVENIDA G,21A                           PREFEITO JOS60750060FORTALEZA      CE                               I75      00 000012
1021664461600013531320113011001300913                         00001333000000 00000000000000000000    250123501133       24012300000000033000330000001S280222020000000000000010000000000000000000000000000000000000000000000100045771375349MARIA MEIRE ALENCAR SILVA               AVENIDA G,21A                           PREFEITO JOS60750060FORTALEZA      CE                               I75      00 000013
9000014000000003960000000000000000000000000000000000000000000000000000000000000000000000000000000000000000000000000000000000000000000000000000000000000000000000000000000000000000000000000000000000000000000000000000000000000000000000000000000000000000000000000000000000000000000000000000000000000000000000000000000000000000000000000000000000000000000000000000000000000000000000000000000000000000000014
