01REMESSA01COBRANCA       31320113011001300913INSTITUTO RAIMUNDO NOBRE      033SANTANDER      2802220000000000000000                                                                                                                                                                                                                                                                                   000000001
1021664461600013531320113011001300913                         00001333000000 00000000000000000000    250123501133       24012300000000033000330000001S280222020000000000000010000000000000000000000000000000000000000000000100045771375349MARIA MEIRE ALENCAR SILVA               AVENIDA G,21A                           PREFEITO JOS60750060FORTALEZA      CE                               I75      00 000002
9000003000000000330000000000000000000000000000000000000000000000000000000000000000000000000000000000000000000000000000000000000000000000000000000000000000000000000000000000000000000000000000000000000000000000000000000000000000000000000000000000000000000000000000000000000000000000000000000000000000000000000000000000000000000000000000000000000000000000000000000000000000000000000000000000000000000003
