01REMESSA01COBRANCA       31320011301101300913INSTITUTO RAIMUNDO NOBRE      033SANTANDER      2202220000000000000000                                                                                                                                                                                                                                                                                   000000001
1021664461600013531320011301101300913                         00000000000000 00000000000000000000    0000005010         22022200000000010000330000001S220222020000000000000000000000000000000000000000000000000000000000000100041117581349AURENICE DE OLIVEIRA SILVA              RUA MIRTES CORDEIRO                                 60540605FORTALEZA      CE                               I75      00 000002
9000003000000000100000000000000000000000000000000000000000000000000000000000000000000000000000000000000000000000000000000000000000000000000000000000000000000000000000000000000000000000000000000000000000000000000000000000000000000000000000000000000000000000000000000000000000000000000000000000000000000000000000000000000000000000000000000000000000000000000000000000000000000000000000000000000000000003
