01REMESSA01COBRANCA       31320011301101300913INSTITUTO RAIMUNDO NOBRE      033SANTANDER      2102220000000000000000                                                                                                                                                                                                                                                                                   000000001
1021664461600013531320011301101300913                         00000000000000 00000000000000000000    0000005010         23022200000000080000330000001S210222020000000000000000000000000000000000000000000000000000000000000100061692755374MELQUESEDEQUE MOTA                      AVENIDA GOVERNADOR LEONEL BRIZOLA       JANGURUSSU  60866190FORTALEZA      CE                               I75      00 000002
9000003000000000800000000000000000000000000000000000000000000000000000000000000000000000000000000000000000000000000000000000000000000000000000000000000000000000000000000000000000000000000000000000000000000000000000000000000000000000000000000000000000000000000000000000000000000000000000000000000000000000000000000000000000000000000000000000000000000000000000000000000000000000000000000000000000000003
