01REMESSA01COBRANCA       31320113011001300913INSTITUTO RAIMUNDO NOBRE      033SANTANDER      2402220000000000000000                                                                                                                                                                                                                                                                                   000000001
1021664461600013531320113011001300913                         00000221000000 00000000000000000000    25022250122        24022200000000010000330000001S240222020000000000000000000000000000000000000000000000000000000000000100061692755374MELQUESEDEQUE MOTA                      AVENIDA GOVERNADOR LEONEL BRIZOLA,755   JANGURUSSU  60866190FORTALEZA      CE                               I75      00 000002
9000003000000000100000000000000000000000000000000000000000000000000000000000000000000000000000000000000000000000000000000000000000000000000000000000000000000000000000000000000000000000000000000000000000000000000000000000000000000000000000000000000000000000000000000000000000000000000000000000000000000000000000000000000000000000000000000000000000000000000000000000000000000000000000000000000000000003
