01REMESSA01COBRANCA       31320113011001300913INSTITUTO RAIMUNDO NOBRE      033SANTANDER      2504220000000000000000                                                                                                                                                                                                                                                                                   000000001
1021664461600013531320113011001300913                         00002666000000 00000000000000000000    250522501266       24052200000000033000330000001S250422020000000000000010000000000000000000000000000000000000000000000100005321282307JOAO EDIGLEISON DA COSTA                RUA DA VIRTUDE, 245                     SIQUEIRA    60544795FORTALEZA      CE                               I75      00 000002
1021664461600013531320113011001300913                         00002674000000 00000000000000000000    250622501267       24062200000000033000330000001S250422020000000000000010000000000000000000000000000000000000000000000100005321282307JOAO EDIGLEISON DA COSTA                RUA DA VIRTUDE, 245                     SIQUEIRA    60544795FORTALEZA      CE                               I75      00 000003
1021664461600013531320113011001300913                         00002682000000 00000000000000000000    250722501268       24072200000000033000330000001S250422020000000000000010000000000000000000000000000000000000000000000100005321282307JOAO EDIGLEISON DA COSTA                RUA DA VIRTUDE, 245                     SIQUEIRA    60544795FORTALEZA      CE                               I75      00 000004
1021664461600013531320113011001300913                         00002690000000 00000000000000000000    250822501269       24082200000000033000330000001S250422020000000000000010000000000000000000000000000000000000000000000100005321282307JOAO EDIGLEISON DA COSTA                RUA DA VIRTUDE, 245                     SIQUEIRA    60544795FORTALEZA      CE                               I75      00 000005
1021664461600013531320113011001300913                         00002704000000 00000000000000000000    250922501270       24092200000000033000330000001S250422020000000000000010000000000000000000000000000000000000000000000100005321282307JOAO EDIGLEISON DA COSTA                RUA DA VIRTUDE, 245                     SIQUEIRA    60544795FORTALEZA      CE                               I75      00 000006
1021664461600013531320113011001300913                         00002712000000 00000000000000000000    251022501271       24102200000000033000330000001S250422020000000000000010000000000000000000000000000000000000000000000100005321282307JOAO EDIGLEISON DA COSTA                RUA DA VIRTUDE, 245                     SIQUEIRA    60544795FORTALEZA      CE                               I75      00 000007
1021664461600013531320113011001300913                         00002720000000 00000000000000000000    251122501272       24112200000000033000330000001S250422020000000000000010000000000000000000000000000000000000000000000100005321282307JOAO EDIGLEISON DA COSTA                RUA DA VIRTUDE, 245                     SIQUEIRA    60544795FORTALEZA      CE                               I75      00 000008
1021664461600013531320113011001300913                         00002739000000 00000000000000000000    251222501273       24122200000000033000330000001S250422020000000000000010000000000000000000000000000000000000000000000100005321282307JOAO EDIGLEISON DA COSTA                RUA DA VIRTUDE, 245                     SIQUEIRA    60544795FORTALEZA      CE                               I75      00 000009
1021664461600013531320113011001300913                         00002747000000 00000000000000000000    250123501274       24012300000000033000330000001S250422020000000000000010000000000000000000000000000000000000000000000100005321282307JOAO EDIGLEISON DA COSTA                RUA DA VIRTUDE, 245                     SIQUEIRA    60544795FORTALEZA      CE                               I75      00 000010
1021664461600013531320113011001300913                         00002755000000 00000000000000000000    250223501275       24022300000000033000330000001S250422020000000000000010000000000000000000000000000000000000000000000100005321282307JOAO EDIGLEISON DA COSTA                RUA DA VIRTUDE, 245                     SIQUEIRA    60544795FORTALEZA      CE                               I75      00 000011
1021664461600013531320113011001300913                         00002763000000 00000000000000000000    250323501276       24032300000000033000330000001S250422020000000000000010000000000000000000000000000000000000000000000100005321282307JOAO EDIGLEISON DA COSTA                RUA DA VIRTUDE, 245                     SIQUEIRA    60544795FORTALEZA      CE                               I75      00 000012
1021664461600013531320113011001300913                         00002771000000 00000000000000000000    250423501277       24042300000000033000330000001S250422020000000000000010000000000000000000000000000000000000000000000100005321282307JOAO EDIGLEISON DA COSTA                RUA DA VIRTUDE, 245                     SIQUEIRA    60544795FORTALEZA      CE                               I75      00 000013
9000014000000003960000000000000000000000000000000000000000000000000000000000000000000000000000000000000000000000000000000000000000000000000000000000000000000000000000000000000000000000000000000000000000000000000000000000000000000000000000000000000000000000000000000000000000000000000000000000000000000000000000000000000000000000000000000000000000000000000000000000000000000000000000000000000000000014
