01REMESSA01COBRANCA       31320113011001300913INSTITUTO RAIMUNDO NOBRE      033SANTANDER      2504220000000000000000                                                                                                                                                                                                                                                                                   000000001
1021664461600013531320113011001300913                         00002305000000 00000000000000000000    210422501230       20042200000000038840330000001S250422020000000000000010000000000000000000000000000000000000000000000100039349675315MARIA DE JESUS SARAIVA DA SILVA         RUA GLORIA DE DOURADOS, 49              AUTRAN NUNES60526655FORTALEZA      CE                               I75      00 000002
1021664461600013531320113011001300913                         00002313000000 00000000000000000000    210522501231       20052200000000038840330000001S250422020000000000000010000000000000000000000000000000000000000000000100039349675315MARIA DE JESUS SARAIVA DA SILVA         RUA GLORIA DE DOURADOS, 49              AUTRAN NUNES60526655FORTALEZA      CE                               I75      00 000003
1021664461600013531320113011001300913                         00002321000000 00000000000000000000    210622501232       20062200000000038840330000001S250422020000000000000010000000000000000000000000000000000000000000000100039349675315MARIA DE JESUS SARAIVA DA SILVA         RUA GLORIA DE DOURADOS, 49              AUTRAN NUNES60526655FORTALEZA      CE                               I75      00 000004
1021664461600013531320113011001300913                         00002330000000 00000000000000000000    210722501233       20072200000000038840330000001S250422020000000000000010000000000000000000000000000000000000000000000100039349675315MARIA DE JESUS SARAIVA DA SILVA         RUA GLORIA DE DOURADOS, 49              AUTRAN NUNES60526655FORTALEZA      CE                               I75      00 000005
1021664461600013531320113011001300913                         00002348000000 00000000000000000000    210822501234       20082200000000038840330000001S250422020000000000000010000000000000000000000000000000000000000000000100039349675315MARIA DE JESUS SARAIVA DA SILVA         RUA GLORIA DE DOURADOS, 49              AUTRAN NUNES60526655FORTALEZA      CE                               I75      00 000006
1021664461600013531320113011001300913                         00002356000000 00000000000000000000    210922501235       20092200000000038840330000001S250422020000000000000010000000000000000000000000000000000000000000000100039349675315MARIA DE JESUS SARAIVA DA SILVA         RUA GLORIA DE DOURADOS, 49              AUTRAN NUNES60526655FORTALEZA      CE                               I75      00 000007
1021664461600013531320113011001300913                         00002364000000 00000000000000000000    211022501236       20102200000000038840330000001S250422020000000000000010000000000000000000000000000000000000000000000100039349675315MARIA DE JESUS SARAIVA DA SILVA         RUA GLORIA DE DOURADOS, 49              AUTRAN NUNES60526655FORTALEZA      CE                               I75      00 000008
1021664461600013531320113011001300913                         00002372000000 00000000000000000000    211122501237       20112200000000038840330000001S250422020000000000000010000000000000000000000000000000000000000000000100039349675315MARIA DE JESUS SARAIVA DA SILVA         RUA GLORIA DE DOURADOS, 49              AUTRAN NUNES60526655FORTALEZA      CE                               I75      00 000009
1021664461600013531320113011001300913                         00002380000000 00000000000000000000    211222501238       20122200000000038840330000001S250422020000000000000010000000000000000000000000000000000000000000000100039349675315MARIA DE JESUS SARAIVA DA SILVA         RUA GLORIA DE DOURADOS, 49              AUTRAN NUNES60526655FORTALEZA      CE                               I75      00 000010
1021664461600013531320113011001300913                         00002399000000 00000000000000000000    210123501239       20012300000000038840330000001S250422020000000000000010000000000000000000000000000000000000000000000100039349675315MARIA DE JESUS SARAIVA DA SILVA         RUA GLORIA DE DOURADOS, 49              AUTRAN NUNES60526655FORTALEZA      CE                               I75      00 000011
1021664461600013531320113011001300913                         00002402000000 00000000000000000000    210223501240       20022300000000038840330000001S250422020000000000000010000000000000000000000000000000000000000000000100039349675315MARIA DE JESUS SARAIVA DA SILVA         RUA GLORIA DE DOURADOS, 49              AUTRAN NUNES60526655FORTALEZA      CE                               I75      00 000012
1021664461600013531320113011001300913                         00002410000000 00000000000000000000    210323501241       20032300000000038840330000001S250422020000000000000010000000000000000000000000000000000000000000000100039349675315MARIA DE JESUS SARAIVA DA SILVA         RUA GLORIA DE DOURADOS, 49              AUTRAN NUNES60526655FORTALEZA      CE                               I75      00 000013
9000014000000004660800000000000000000000000000000000000000000000000000000000000000000000000000000000000000000000000000000000000000000000000000000000000000000000000000000000000000000000000000000000000000000000000000000000000000000000000000000000000000000000000000000000000000000000000000000000000000000000000000000000000000000000000000000000000000000000000000000000000000000000000000000000000000000014
