01REMESSA01COBRANCA       31320113011001300913INSTITUTO RAIMUNDO NOBRE      033SANTANDER      0305220000000000000000                                                                                                                                                                                                                                                                                   000000001
1021664461600013531320113011001300913                         00003743000000 00000000000000000000    090622501374       08062200000000033000330000001S030522020000000000000010000000000000000000000000000000000000000000000100004759620362TAMIRES LOPES LIRA PEREIRA              RUA PALMEIRA FENIX, LOT1 QD4            PEDRAS      60878035FORTALEZA      CE                               I75      00 000002
1021664461600013531320113011001300913                         00003751000000 00000000000000000000    090722501375       08072200000000033000330000001S030522020000000000000010000000000000000000000000000000000000000000000100004759620362TAMIRES LOPES LIRA PEREIRA              RUA PALMEIRA FENIX, LOT1 QD4            PEDRAS      60878035FORTALEZA      CE                               I75      00 000003
1021664461600013531320113011001300913                         00003760000000 00000000000000000000    090822501376       08082200000000033000330000001S030522020000000000000010000000000000000000000000000000000000000000000100004759620362TAMIRES LOPES LIRA PEREIRA              RUA PALMEIRA FENIX, LOT1 QD4            PEDRAS      60878035FORTALEZA      CE                               I75      00 000004
1021664461600013531320113011001300913                         00003778000000 00000000000000000000    090922501377       08092200000000033000330000001S030522020000000000000010000000000000000000000000000000000000000000000100004759620362TAMIRES LOPES LIRA PEREIRA              RUA PALMEIRA FENIX, LOT1 QD4            PEDRAS      60878035FORTALEZA      CE                               I75      00 000005
1021664461600013531320113011001300913                         00003786000000 00000000000000000000    091022501378       08102200000000033000330000001S030522020000000000000010000000000000000000000000000000000000000000000100004759620362TAMIRES LOPES LIRA PEREIRA              RUA PALMEIRA FENIX, LOT1 QD4            PEDRAS      60878035FORTALEZA      CE                               I75      00 000006
1021664461600013531320113011001300913                         00003794000000 00000000000000000000    091122501379       08112200000000033000330000001S030522020000000000000010000000000000000000000000000000000000000000000100004759620362TAMIRES LOPES LIRA PEREIRA              RUA PALMEIRA FENIX, LOT1 QD4            PEDRAS      60878035FORTALEZA      CE                               I75      00 000007
1021664461600013531320113011001300913                         00003808000000 00000000000000000000    091222501380       08122200000000033000330000001S030522020000000000000010000000000000000000000000000000000000000000000100004759620362TAMIRES LOPES LIRA PEREIRA              RUA PALMEIRA FENIX, LOT1 QD4            PEDRAS      60878035FORTALEZA      CE                               I75      00 000008
1021664461600013531320113011001300913                         00003816000000 00000000000000000000    090123501381       08012300000000033000330000001S030522020000000000000010000000000000000000000000000000000000000000000100004759620362TAMIRES LOPES LIRA PEREIRA              RUA PALMEIRA FENIX, LOT1 QD4            PEDRAS      60878035FORTALEZA      CE                               I75      00 000009
1021664461600013531320113011001300913                         00003824000000 00000000000000000000    090223501382       08022300000000033000330000001S030522020000000000000010000000000000000000000000000000000000000000000100004759620362TAMIRES LOPES LIRA PEREIRA              RUA PALMEIRA FENIX, LOT1 QD4            PEDRAS      60878035FORTALEZA      CE                               I75      00 000010
1021664461600013531320113011001300913                         00003832000000 00000000000000000000    090323501383       08032300000000033000330000001S030522020000000000000010000000000000000000000000000000000000000000000100004759620362TAMIRES LOPES LIRA PEREIRA              RUA PALMEIRA FENIX, LOT1 QD4            PEDRAS      60878035FORTALEZA      CE                               I75      00 000011
1021664461600013531320113011001300913                         00003840000000 00000000000000000000    090423501384       08042300000000033000330000001S030522020000000000000010000000000000000000000000000000000000000000000100004759620362TAMIRES LOPES LIRA PEREIRA              RUA PALMEIRA FENIX, LOT1 QD4            PEDRAS      60878035FORTALEZA      CE                               I75      00 000012
1021664461600013531320113011001300913                         00003859000000 00000000000000000000    090523501385       08052300000000033000330000001S030522020000000000000010000000000000000000000000000000000000000000000100004759620362TAMIRES LOPES LIRA PEREIRA              RUA PALMEIRA FENIX, LOT1 QD4            PEDRAS      60878035FORTALEZA      CE                               I75      00 000013
9000014000000003960000000000000000000000000000000000000000000000000000000000000000000000000000000000000000000000000000000000000000000000000000000000000000000000000000000000000000000000000000000000000000000000000000000000000000000000000000000000000000000000000000000000000000000000000000000000000000000000000000000000000000000000000000000000000000000000000000000000000000000000000000000000000000000014
